<collection xmlns="http://www.loc.gov/MARC21/slim">
<record>
  <leader>01510nam0a2200289 i 450 </leader>
  <controlfield tag="001">IT\ICCU\CNCE\053289</controlfield>
  <controlfield tag="005">20140122000000.0</controlfield>
  <datafield tag="012" ind1=" " ind2=" ">
    <subfield code="a">cega a.te a.bo chin (C) 1512 (R)</subfield>
    <subfield code="2">fei</subfield>
  </datafield>
  <datafield tag="100" ind1=" " ind2=" ">
    <subfield code="a">20021011d1512        0itac0103    ba</subfield>
  </datafield>
  <datafield tag="101" ind1=" " ind2=" ">
    <subfield code="a">ITA</subfield>
  </datafield>
  <datafield tag="102" ind1=" " ind2=" ">
    <subfield code="a">IT</subfield>
  </datafield>
  <datafield tag="200" ind1="1" ind2=" ">
    <subfield code="a">Epistole di Luca de Pulci</subfield>
  </datafield>
  <datafield tag="210" ind1=" " ind2=" ">
    <subfield code="e">Impresso in Siena</subfield>
    <subfield code="g">per Symione di Niccolo &amp; Giouanni di Alixandro librai da Siena</subfield>
    <subfield code="h">adi XX di aprile 1512</subfield>
  </datafield>
  <datafield tag="215" ind1=" " ind2=" ">
    <subfield code="a">\48! c.</subfield>
    <subfield code="d">8ʻ</subfield>
  </datafield>
  <datafield tag="620" ind1=" " ind2=" ">
    <subfield code="a">IT</subfield>
    <subfield code="d">Siena</subfield>
  </datafield>
  <datafield tag="700" ind1=" " ind2="1">
    <subfield code="a">Pulci,</subfield>
    <subfield code="b">Luca</subfield>
    <subfield code="3">IT\ICCU\CNCA\008444</subfield>
  </datafield>
  <datafield tag="712" ind1="0" ind2="0">
    <subfield code="a">Nardi, Simone &amp; Landi, Giovanni</subfield>
    <subfield code="3">IT\ICCU\CNCT\001197</subfield>
    <subfield code="4">650</subfield>
  </datafield>
  <datafield tag="791" ind1="0" ind2="2">
    <subfield code="a">Simione di Niccolo &amp; Giovanni di Alixandro</subfield>
    <subfield code="3">IT\ICCU\CNCT\002408</subfield>
    <subfield code="z">Nardi, Simone &amp; Landi, Giovanni</subfield>
  </datafield>
  <datafield tag="791" ind1="0" ind2="2">
    <subfield code="a">Symeone di Nicolo &amp; Giovanni di Alexandro</subfield>
    <subfield code="3">IT\ICCU\CNCT\002409</subfield>
    <subfield code="z">Nardi, Simone &amp; Landi, Giovanni</subfield>
  </datafield>
  <datafield tag="801" ind1=" " ind2="3">
    <subfield code="a">IT</subfield>
    <subfield code="b">ICCU</subfield>
    <subfield code="c">20201115</subfield>
  </datafield>
  <datafield tag="899" ind1=" " ind2=" ">
    <subfield code="a">Biblioteca Apostolica Vaticana. Citt ̉del Vaticano</subfield>
    <subfield code="1">EX0001</subfield>
    <subfield code="2">ZCV 01</subfield>
  </datafield>
  <datafield tag="899" ind1=" " ind2=" ">
    <subfield code="a">Biblioteca comunale Augusta. Perugia</subfield>
    <subfield code="1">PG0109</subfield>
    <subfield code="2">UM1 01</subfield>
  </datafield>
  <datafield tag="899" ind1=" " ind2=" ">
    <subfield code="a">Biblioteca capitolare Fabroniana. Pistoia</subfield>
    <subfield code="1">PT0026</subfield>
    <subfield code="2">RT1 LB</subfield>
  </datafield>
  <datafield tag="899" ind1=" " ind2=" ">
    <subfield code="a">Biblioteca dell&apos;Accademia nazionale dei Lincei e Corsiniana. Roma</subfield>
    <subfield code="1">RM0418</subfield>
    <subfield code="2">RML 10</subfield>
  </datafield>
  <datafield tag="899" ind1=" " ind2=" ">
    <subfield code="a">Biblioteca comunale degli Intronati. Siena</subfield>
    <subfield code="z">MUTILO</subfield>
    <subfield code="1">SI0046</subfield>
    <subfield code="2">RT1 QI</subfield>
  </datafield>
  <datafield tag="911" ind1=" " ind2=" ">
    <subfield code="a">Nel colophon.</subfield>
    <subfield code="9">IT\ICCU\CNCM\002624</subfield>
  </datafield>
  <datafield tag="921" ind1=" " ind2=" ">
    <subfield code="a">IT\ICCU\CNCM\002624</subfield>
    <subfield code="b">Cigno coronato in rettangolo centrale. Ai lati in altri due rettangoli, monti a tre cime e due stelle in scudi con iniziali G. C.</subfield>
    <subfield code="c">U1138</subfield>
    <subfield code="f">CIGNO</subfield>
    <subfield code="f">MONTE</subfield>
    <subfield code="f">STELLA</subfield>
    <subfield code="f">GC</subfield>
    <subfield code="f">SCUDO</subfield>
    <subfield code="g">1512-1540</subfield>
  </datafield>
</record>
</collection>
